% this is the bibliography file

@inproceedings{tang-filter, 
	author = {Tang, Min and Manocha, Dinesh and Tong, Ruofeng}, 
 	title = {Fast continuous collision detection using deforming non-penetration filters}, 
 	booktitle = {I3D '10: Proceedings of the 2010 ACM SIGGRAPH symposium on Interactive 3D Graphics and Games}, 
 	year = {2010}, 
 	isbn = {978-1-60558-939-8}, 
 	pages = {7--13}, 
 	location = {Washington, D.C.}, 
 	doi = {http://doi.acm.org/10.1145/1730804.1730806}, 
 	publisher = {ACM}, 
 	address = {New York, NY, USA},
}


@INPROCEEDINGS{provot95,
	author = {Xavier Provot},
	title = {Deformation Constraints in a Mass-Spring Model to Describe Rigid Cloth Behavior},
	booktitle = {In Graphics Interface},
	year = {1996},
	pages = {147--154}
}

@inproceedings{provot97,
	author = {Xavier Provot},
	booktitle = {Proceedings of Graphics Interface 1997},
	citeulike-article-id = {2245414},
	keywords = {cloth, computer, computer-graphics, mass-spring, simulation},
	pages = {177--189},        
	title = {Collision and Self-Collision Handling in Cloth Model Dedicated to Design Garments},
	year = {1997}
}

@article{vdb97,
	author = { Gino van den Bergen },
	title = {Efficient Collision Detection of Complex Deformable Models using AABB Trees},
	journal = {Journal of Graphics Tools},
	volume = {2},
	number = {4},
	pages = {1-13},
	year = {1997},
	doi = {10.1080/10867651.1997.10487480},	
	URL = { http://dx.doi.org/10.1080/10867651.1997.10487480 },
	eprint = { http://dx.doi.org/10.1080/10867651.1997.10487480}	
}

@inproceedings{gott96,
	author = {Gottschalk, S. and Lin, M. C. and Manocha, D.},
	title = {OBBTree: A Hierarchical Structure for Rapid Interference Detection},
	booktitle = {Proceedings of the 23rd Annual Conference on Computer Graphics and Interactive Techniques},
	series = {SIGGRAPH '96},
	year = {1996},
	isbn = {0-89791-746-4},
	pages = {171--180},
	numpages = {10},
	url = {http://doi.acm.org/10.1145/237170.237244},
	doi = {10.1145/237170.237244},
	acmid = {237244},
	publisher = {ACM},
	address = {New York, NY, USA},
	keywords = {collision detection, contacts, hierarchical data structure, physically-based modeling, shape approximation, virtual prototyping}
}

@article{klo98,
	author = {Klosowski, James T. and Held, Martin and Mitchell, Joseph S. B. and Sowizral, Henry and Zikan, Karel},
	title = {Efficient Collision Detection Using Bounding Volume Hierarchies of k-DOPs},
	journal = {IEEE Transactions on Visualization and Computer Graphics},
	issue_date = {January 1998},
	volume = {4},
	number = {1},
	month = jan,
	year = {1998},
	issn = {1077-2626},
	pages = {21--36},
	numpages = {16},
	url = {http://dx.doi.org/10.1109/2945.675649},
	doi = {10.1109/2945.675649},
	acmid = {614390},
	publisher = {IEEE Educational Activities Department},
	address = {Piscataway, NJ, USA},
	keywords = {Collision detection, intersection searching, bounding volume hierarchies, discrete orientation polytopes, bounding boxes, virtual reality, virtual environments.},
} 

@article{hub96,
	author = {Hubbard, Philip M.},
	title = {Approximating Polyhedra with Spheres for Time-critical Collision Detection},
	journal = {ACM Trans. Graph.},
	issue_date = {July 1996},
	volume = {15},
	number = {3},
	month = jul,
	year = {1996},
	issn = {0730-0301},
	pages = {179--210},
	numpages = {32},
	url = {http://doi.acm.org/10.1145/231731.231732},
	doi = {10.1145/231731.231732},
	acmid = {231732},
	publisher = {ACM},
	address = {New York, NY, USA},
	keywords = {approximation, collision detection, interactive systems, medial-axis surfaces, spheres, time-critical computing},
} 

